@article{vertex_connectivity,
    author = {Li, Jason and Nanongkai, Danupon and Panigrahi, Debmalya and Saranurak, Thatchaphol and Yingchareonthawornchai, Sorrachai},
    title = {Vertex Connectivity in Poly-logarithmic Max-flows},
    journal = {arXiv:2104.00104},
    year = {2021}
}

@article{vertex_connectivity_henzinger,
    author = {Henzinger, Monika Rauch and Rao, Satish and Gabow, Harold N.},
    title = {Computing Vertex Connectivity: New Bounds from Old Techniques},
    journal = {Journal of Algorithms},
    volume = {34},
    number = {2},
    pages = {222--250},
    year = {2000},
    note = {Announced at FOCS'96}
}

@article{max_flow_min_cost,
    author = {Chen, Li and Kyng, Rasmus and Liu, Yang P. and Peng, Richard and Gutenberg, Maximilian Probst and Sachdeva, Sushant},
    title = {Maximum Flow and Minimum-Cost Flow in Almost-Linear Time},
    journal = {arXiv:2203.00671},
    year = {2022}
}

@article{nagamochi_ibaraki,
    author = {Nagamochi, Hiroshi and Ibaraki, Toshihide},
    title = {A linear-time algorithm for finding a sparse k-connected spanning subgraph of a k-connected graph},
    journal = {Algorithmica},
    volume = {7},
    number = {5\&6},
    pages = {583--596},
    year = {1992}
}

@article{chekuri_quanrud,
    author = {Chekuri, Chandra and Quanrud, Kent},
    title = {Isolating Cuts, (Bi-)Submodularity, and Faster Algorithms for Global Connectivity Problems},
    journal = {CoRR},
    volume = {abs/2103.12908},
    year = {2021}
}